<?xml version="1.0" encoding="UTF-8"?><collection xmlns="http://www.loc.gov/MARC21/slim"><record><leader>00562nam--2200193-i-4500</leader><controlfield tag="001">000013893</controlfield><controlfield tag="002">20161230</controlfield><controlfield tag="005">20170107002347</controlfield><controlfield tag="008">060222s1000------------r-----000-0-hun-d</controlfield><datafield ind1=" " ind2=" " tag="040"><subfield code="a">IFIN-HH</subfield></datafield><datafield ind1=" " ind2=" " tag="041"><subfield code="a">hun</subfield></datafield><datafield ind1=" " ind2=" " tag="080"><subfield code="a">539.12.04:621.384.633</subfield></datafield><datafield ind1="1" ind2=" " tag="100"><subfield code="a">Mahunka, Imre</subfield></datafield><datafield ind1="1" ind2="0" tag="245"><subfield code="a">Gyors©Ưt©đberendez©♭sek n©♭pgazdas©Łgi alkalmaz©Łsai</subfield><subfield code="b">Vol. 1</subfield><subfield code="c">Mahunka Imre</subfield></datafield><datafield ind1=" " ind2=" " tag="260"><subfield code="a">Budapest</subfield><subfield code="b">Akad©♭miai Kiad©đ</subfield><subfield code="c">1983</subfield></datafield><datafield ind1=" " ind2=" " tag="300"><subfield code="a">192 p</subfield></datafield><datafield ind1=" " ind2=" " tag="490"><subfield code="a">Az atomenergia- ©♭s magkutat©Łs ©ðjabb eredm©♭nyei</subfield></datafield><datafield ind1=" " ind2=" " tag="852"><subfield code="a">71523</subfield><subfield code="c">539.12.04</subfield></datafield><datafield ind1=" " ind2=" " tag="CAT"><subfield code="a">SYS</subfield><subfield code="c">20170107</subfield><subfield code="h">002347</subfield></datafield></record></collection>